<?xml version="1.0" encoding="UTF-8"?><collection xmlns="http://www.loc.gov/MARC21/slim"><record><leader>00403nam--2200145-i-4500</leader><controlfield tag="001">000009444</controlfield><controlfield tag="002">20161230</controlfield><controlfield tag="005">20161230201028</controlfield><controlfield tag="008">060222s1000------------r-----000-0-eng-d</controlfield><datafield ind1=" " ind2=" " tag="080"><subfield code="a">621.391.63 621.375.9 535-2</subfield></datafield><datafield ind1=" " ind2=" " tag="100"><subfield code="a">Ciurea, Dragos I</subfield></datafield><datafield ind1=" " ind2=" " tag="245"><subfield code="a">Metode si mijloace de transmitere optica a inf ormatiilor</subfield></datafield><datafield ind1=" " ind2=" " tag="260"><subfield code="a">Bucuresti, I.D.T., 1970. 97 P</subfield></datafield><datafield ind1=" " ind2=" " tag="490"><subfield code="a">Sinteza Documentara</subfield></datafield><datafield ind1=" " ind2=" " tag="852"><subfield code="a">33736</subfield></datafield></record></collection>